<record><leader>00000cas a22000007a 4500</leader><controlfield tag="001">14206090</controlfield><controlfield tag="008">860911d187818uutxuwr ne      0    0eng d</controlfield><datafield ind1=" " ind2=" " tag="010"><subfield code="a">sn 86088852 </subfield></datafield><datafield ind1=" " ind2=" " tag="040"><subfield code="a">PPM</subfield><subfield code="b">eng</subfield><subfield code="c">PPM</subfield><subfield code="d">OCLCQ</subfield></datafield><datafield ind1=" " ind2=" " tag="042"><subfield code="a">msc</subfield></datafield><datafield ind1="0" ind2="4" tag="245"><subfield code="a">The Belton courier.</subfield></datafield><datafield ind1=" " ind2=" " tag="260"><subfield code="a">Belton, Tex. :</subfield><subfield code="b">F.L. Denison</subfield></datafield><datafield ind1=" " ind2=" " tag="310"><subfield code="a">Weekly</subfield></datafield><datafield ind1="1" ind2=" " tag="362"><subfield code="a">Began in 1878?</subfield></datafield><datafield ind1=" " ind2=" " tag="588"><subfield code="a">Description based on: Vol. 1, no. 3 (Dec. 21, 1878).</subfield></datafield><datafield ind1=" " ind2=" " tag="752"><subfield code="a">United States</subfield><subfield code="b">Texas</subfield><subfield code="c">Bell</subfield><subfield code="d">Belton.</subfield></datafield><datafield ind1="0" ind2="4" tag="785"><subfield code="t">Belton journal (Belton, Tex. : 1866)</subfield><subfield code="w">(DLC)sn 83026377</subfield></datafield></record>